<?xml version="1.0" encoding="UTF-8"?>
<collection xmlns="http://www.loc.gov/MARC21/slim">
    <!-- 600 search subfields-->
    <record>
        <leader>00880cam a2200217 i 4500</leader>
        <controlfield tag="001">a600search</controlfield>
        <controlfield tag="008">770207r19771901gw       b    001 0 ger d</controlfield>
        <datafield tag="600" ind1="1" ind2=" ">
            <subfield code="a">600a</subfield>
            <subfield code="b">600b</subfield>
            <subfield code="c">600c</subfield>
            <subfield code="d">600d</subfield>
            <subfield code="e">600e</subfield>
            <subfield code="f">600f</subfield>
            <subfield code="g">600g</subfield>
            <subfield code="h">600h</subfield>
            <subfield code="j">600j</subfield>
            <subfield code="k">600k</subfield>
            <subfield code="l">600l</subfield>
            <subfield code="m">600m</subfield>
            <subfield code="n">600n</subfield>
            <subfield code="o">600o</subfield>
            <subfield code="p">600p</subfield>
            <subfield code="q">600q</subfield>
            <subfield code="r">600r</subfield>
            <subfield code="s">600s</subfield>
            <subfield code="t">600t</subfield>
            <subfield code="u">600u</subfield>
            <subfield code="v">600v</subfield>
            <subfield code="x">600x</subfield>
            <subfield code="y">600y</subfield>
            <subfield code="z">600z</subfield>
        </datafield>
        <datafield tag="245" ind1="1" ind2="0">
            <subfield code="a">600 search subfields</subfield>
        </datafield>
    </record>