
    <!-- 610 search subfields-->
    <record>
        <leader>00880cam a2200217 i 4500</leader>
        <controlfield tag="001">a610search</controlfield>
        <controlfield tag="008">770207r19771901gw       b    001 0 ger d</controlfield>
        <datafield tag="610" ind1="1" ind2=" ">
            <subfield code="a">610a</subfield>
            <subfield code="b">610b</subfield>
            <subfield code="c">610c</subfield>
            <subfield code="d">610d</subfield>
            <subfield code="e">610e</subfield>
            <subfield code="f">610f</subfield>
            <subfield code="g">610g</subfield>
            <subfield code="h">610h</subfield>
            <subfield code="k">610k</subfield>
            <subfield code="l">610l</subfield>
            <subfield code="m">610m</subfield>
            <subfield code="n">610n</subfield>
            <subfield code="o">610o</subfield>
            <subfield code="p">610p</subfield>
            <subfield code="r">610r</subfield>
            <subfield code="s">610s</subfield>
            <subfield code="t">610t</subfield>
            <subfield code="u">610u</subfield>
            <subfield code="v">610v</subfield>
            <subfield code="x">610x</subfield>
            <subfield code="y">610y</subfield>
            <subfield code="z">610z</subfield>
        </datafield>
        <datafield tag="245" ind1="1" ind2="0">
            <subfield code="a">610 search subfields</subfield>
        </datafield>
    </record>