
    <!-- 611 search subfields-->
    <record>
        <leader>00880cam a2200217 i 4500</leader>
        <controlfield tag="001">a611search</controlfield>
        <controlfield tag="008">770207r19771901gw       b    001 0 ger d</controlfield>
        <datafield tag="611" ind1="1" ind2=" ">
            <subfield code="a">611a</subfield>
            <subfield code="c">611c</subfield>
            <subfield code="d">611d</subfield>
            <subfield code="e">611e</subfield>
            <subfield code="f">611f</subfield>
            <subfield code="g">611g</subfield>
            <subfield code="h">611h</subfield>
            <subfield code="j">611j</subfield>
            <subfield code="k">611k</subfield>
            <subfield code="l">611l</subfield>
            <subfield code="n">611n</subfield>
            <subfield code="p">611p</subfield>
            <subfield code="q">611q</subfield>
            <subfield code="s">611s</subfield>
            <subfield code="t">611t</subfield>
            <subfield code="u">611u</subfield>
            <subfield code="v">611v</subfield>
            <subfield code="x">611x</subfield>
            <subfield code="y">611y</subfield>
        </datafield>
        <datafield tag="245" ind1="1" ind2="0">
            <subfield code="a">611 search subfields</subfield>
        </datafield>
    </record>