
    <!-- 630 search subfields-->
    <record>
        <leader>00880cam a2200217 i 4500</leader>
        <controlfield tag="001">a630search</controlfield>
        <controlfield tag="008">770207r19771901gw       b    001 0 ger d</controlfield>
        <datafield tag="630" ind1="1" ind2=" ">
            <subfield code="a">630a</subfield>
            <subfield code="d">630d</subfield>
            <subfield code="e">630e</subfield>
            <subfield code="f">630f</subfield>
            <subfield code="g">630g</subfield>
            <subfield code="h">630h</subfield>
            <subfield code="k">630k</subfield>
            <subfield code="l">630l</subfield>
            <subfield code="m">630m</subfield>
            <subfield code="n">630n</subfield>
            <subfield code="o">630o</subfield>
            <subfield code="p">630p</subfield>
            <subfield code="r">630r</subfield>
            <subfield code="s">630s</subfield>
            <subfield code="t">630t</subfield>
            <subfield code="v">630v</subfield>
            <subfield code="x">630x</subfield>
            <subfield code="y">630y</subfield>
            <subfield code="z">630z</subfield>
        </datafield>
        <datafield tag="245" ind1="1" ind2="0">
            <subfield code="a">630 search subfields</subfield>
        </datafield>
    </record>