
    <!-- 650 search subfields-->
    <record>
        <leader>00880cam a2200217 i 4500</leader>
        <controlfield tag="001">a650search</controlfield>
        <controlfield tag="008">770207r19771901gw       b    001 0 ger d</controlfield>
        <datafield tag="650" ind1="1" ind2=" ">
            <subfield code="a">650a</subfield>
            <subfield code="b">650b</subfield>
            <subfield code="c">650c</subfield>
            <subfield code="d">650d</subfield>
            <subfield code="e">650e</subfield>
            <subfield code="v">650v</subfield>
            <subfield code="x">650x</subfield>
            <subfield code="y">650y</subfield>
            <subfield code="z">650z</subfield>
        </datafield>
        <datafield tag="245" ind1="1" ind2="0">
            <subfield code="a">650 search subfields</subfield>
        </datafield>
    </record>