
    <!-- 651 search subfields-->
    <record>
        <leader>00880cam a2200217 i 4500</leader>
        <controlfield tag="001">a651search</controlfield>
        <controlfield tag="008">770207r19771901gw       b    001 0 ger d</controlfield>
        <datafield tag="651" ind1="1" ind2=" ">
            <subfield code="a">651a</subfield>
            <subfield code="e">651e</subfield>
            <subfield code="v">651v</subfield>
            <subfield code="x">651x</subfield>
            <subfield code="y">651y</subfield>
            <subfield code="z">651z</subfield>
        </datafield>
        <datafield tag="245" ind1="1" ind2="0">
            <subfield code="a">651 search subfields</subfield>
        </datafield>
    </record>