
    <!-- 654 search subfields-->
    <record>
        <leader>00880cam a2200217 i 4500</leader>
        <controlfield tag="001">a654search</controlfield>
        <controlfield tag="008">770207r19771901gw       b    001 0 ger d</controlfield>
        <datafield tag="654" ind1="1" ind2=" ">
            <subfield code="a">654a</subfield>
            <subfield code="b">654b</subfield>
            <subfield code="c">654c</subfield>
            <subfield code="e">654e</subfield>
            <subfield code="v">654v</subfield>
            <subfield code="y">654y</subfield>
            <subfield code="z">654z</subfield>
        </datafield>
        <datafield tag="245" ind1="1" ind2="0">
            <subfield code="a">654 search subfields</subfield>
        </datafield>
    </record>