
    <!-- 655 search subfields-->
    <record>
        <leader>00880cam a2200217 i 4500</leader>
        <controlfield tag="001">a655search</controlfield>
        <controlfield tag="008">770207r19771901gw       b    001 0 ger d</controlfield>
        <datafield tag="655" ind1="1" ind2=" ">
            <subfield code="a">655a</subfield>
            <subfield code="b">655b</subfield>
            <subfield code="c">655c</subfield>
            <subfield code="v">655v</subfield>
            <subfield code="x">655x</subfield>
            <subfield code="y">655y</subfield>
            <subfield code="z">655z</subfield>
        </datafield>
        <datafield tag="245" ind1="1" ind2="0">
            <subfield code="a">655 search subfields</subfield>
        </datafield>
    </record>