
    <!-- 656 search subfields-->
    <record>
        <leader>00880cam a2200217 i 4500</leader>
        <controlfield tag="001">a656search</controlfield>
        <controlfield tag="008">770207r19771901gw       b    001 0 ger d</controlfield>
        <datafield tag="656" ind1="1" ind2=" ">
            <subfield code="a">656a</subfield>
            <subfield code="k">656k</subfield>
            <subfield code="v">656v</subfield>
            <subfield code="x">656x</subfield>
            <subfield code="y">656y</subfield>
            <subfield code="z">656z</subfield>
        </datafield>
        <datafield tag="245" ind1="1" ind2="0">
            <subfield code="a">656 search subfields</subfield>
        </datafield>
    </record>