
    <!-- 657 search subfields-->
    <record>
        <leader>00880cam a2200217 i 4500</leader>
        <controlfield tag="001">a657search</controlfield>
        <controlfield tag="008">770207r19771901gw       b    001 0 ger d</controlfield>
        <datafield tag="657" ind1="1" ind2=" ">
            <subfield code="a">657a</subfield>
            <subfield code="v">657v</subfield>
            <subfield code="x">657x</subfield>
            <subfield code="y">657y</subfield>
            <subfield code="z">657z</subfield>
        </datafield>
        <datafield tag="245" ind1="1" ind2="0">
            <subfield code="a">657 search subfields</subfield>
        </datafield>
    </record>