
    <!-- 658 search subfields-->
    <record>
        <leader>00880cam a2200217 i 4500</leader>
        <controlfield tag="001">a658search</controlfield>
        <controlfield tag="008">770207r19771901gw       b    001 0 ger d</controlfield>
        <datafield tag="658" ind1="1" ind2=" ">
            <subfield code="a">658a</subfield>
            <subfield code="b">658b</subfield>
            <subfield code="c">658c</subfield>
            <subfield code="d">658d</subfield>
        </datafield>
        <datafield tag="245" ind1="1" ind2="0">
            <subfield code="a">658 search subfields</subfield>
        </datafield>
    </record>