
    <!-- 690 search subfields-->
    <record>
        <leader>00880cam a2200217 i 4500</leader>
        <controlfield tag="001">a690search</controlfield>
        <controlfield tag="008">770207r19771901gw       b    001 0 ger d</controlfield>
        <datafield tag="690" ind1="1" ind2=" ">
            <subfield code="a">690a</subfield>
            <subfield code="b">690b</subfield>
            <subfield code="c">690c</subfield>
            <subfield code="d">690d</subfield>
            <subfield code="e">690e</subfield>
            <subfield code="v">690v</subfield>
            <subfield code="x">690x</subfield>
            <subfield code="y">690y</subfield>
            <subfield code="z">690z</subfield>
        </datafield>
        <datafield tag="245" ind1="1" ind2="0">
            <subfield code="a">690 search subfields</subfield>
        </datafield>
    </record>