
    <!-- 691 search subfields-->
    <record>
        <leader>00880cam a2200217 i 4500</leader>
        <controlfield tag="001">a691search</controlfield>
        <controlfield tag="008">770207r19771901gw       b    001 0 ger d</controlfield>
        <datafield tag="691" ind1="1" ind2=" ">
            <subfield code="a">691a</subfield>
            <subfield code="e">691e</subfield>
            <subfield code="v">691v</subfield>
            <subfield code="x">691x</subfield>
            <subfield code="y">691y</subfield>
            <subfield code="z">691z</subfield>
        </datafield>
        <datafield tag="245" ind1="1" ind2="0">
            <subfield code="a">691 search subfields</subfield>
        </datafield>
    </record>