
    <!-- 696 search subfields-->
    <record>
        <leader>00880cam a2200217 i 4500</leader>
        <controlfield tag="001">a696search</controlfield>
        <controlfield tag="008">770207r19771901gw       b    001 0 ger d</controlfield>
        <datafield tag="696" ind1="1" ind2=" ">
            <subfield code="a">696a</subfield>
            <subfield code="b">696b</subfield>
            <subfield code="c">696c</subfield>
            <subfield code="d">696d</subfield>
            <subfield code="e">696e</subfield>
            <subfield code="f">696f</subfield>
            <subfield code="g">696g</subfield>
            <subfield code="h">696h</subfield>
            <subfield code="j">696j</subfield>
            <subfield code="k">696k</subfield>
            <subfield code="l">696l</subfield>
            <subfield code="m">696m</subfield>
            <subfield code="n">696n</subfield>
            <subfield code="o">696o</subfield>
            <subfield code="p">696p</subfield>
            <subfield code="q">696q</subfield>
            <subfield code="r">696r</subfield>
            <subfield code="s">696s</subfield>
            <subfield code="t">696t</subfield>
            <subfield code="u">696u</subfield>
            <subfield code="v">696v</subfield>
            <subfield code="x">696x</subfield>
            <subfield code="y">696y</subfield>
            <subfield code="z">696z</subfield>
        </datafield>
        <datafield tag="245" ind1="1" ind2="0">
            <subfield code="a">696 search subfields</subfield>
        </datafield>
    </record>