
    <!-- 697 search subfields-->
    <record>
        <leader>00880cam a2200217 i 4500</leader>
        <controlfield tag="001">a697search</controlfield>
        <controlfield tag="008">770207r19771901gw       b    001 0 ger d</controlfield>
        <datafield tag="697" ind1="1" ind2=" ">
            <subfield code="a">697a</subfield>
            <subfield code="b">697b</subfield>
            <subfield code="c">697c</subfield>
            <subfield code="d">697d</subfield>
            <subfield code="e">697e</subfield>
            <subfield code="f">697f</subfield>
            <subfield code="g">697g</subfield>
            <subfield code="h">697h</subfield>
            <subfield code="j">697j</subfield>
            <subfield code="k">697k</subfield>
            <subfield code="l">697l</subfield>
            <subfield code="m">697m</subfield>
            <subfield code="n">697n</subfield>
            <subfield code="o">697o</subfield>
            <subfield code="p">697p</subfield>
            <subfield code="q">697q</subfield>
            <subfield code="r">697r</subfield>
            <subfield code="s">697s</subfield>
            <subfield code="t">697t</subfield>
            <subfield code="u">697u</subfield>
            <subfield code="v">697v</subfield>
            <subfield code="x">697x</subfield>
            <subfield code="y">697y</subfield>
            <subfield code="z">697z</subfield>
        </datafield>
        <datafield tag="245" ind1="1" ind2="0">
            <subfield code="a">697 search subfields</subfield>
        </datafield>
    </record>