
    <!-- 698 search subfields-->
    <record>
        <leader>00880cam a2200217 i 4500</leader>
        <controlfield tag="001">a698search</controlfield>
        <controlfield tag="008">770207r19771901gw       b    001 0 ger d</controlfield>
        <datafield tag="698" ind1="1" ind2=" ">
            <subfield code="a">698a</subfield>
            <subfield code="b">698b</subfield>
            <subfield code="c">698c</subfield>
            <subfield code="d">698d</subfield>
            <subfield code="e">698e</subfield>
            <subfield code="f">698f</subfield>
            <subfield code="g">698g</subfield>
            <subfield code="h">698h</subfield>
            <subfield code="j">698j</subfield>
            <subfield code="k">698k</subfield>
            <subfield code="l">698l</subfield>
            <subfield code="m">698m</subfield>
            <subfield code="n">698n</subfield>
            <subfield code="o">698o</subfield>
            <subfield code="p">698p</subfield>
            <subfield code="q">698q</subfield>
            <subfield code="r">698r</subfield>
            <subfield code="s">698s</subfield>
            <subfield code="t">698t</subfield>
            <subfield code="u">698u</subfield>
            <subfield code="v">698v</subfield>
            <subfield code="x">698x</subfield>
            <subfield code="y">698y</subfield>
            <subfield code="z">698z</subfield>
        </datafield>
        <datafield tag="245" ind1="1" ind2="0">
            <subfield code="a">698 search subfields</subfield>
        </datafield>
    </record>