
    <!-- 699 search subfields-->
    <record>
        <leader>00880cam a2200217 i 4500</leader>
        <controlfield tag="001">a699search</controlfield>
        <controlfield tag="008">770207r19771901gw       b    001 0 ger d</controlfield>
        <datafield tag="699" ind1="1" ind2=" ">
            <subfield code="a">699a</subfield>
            <subfield code="b">699b</subfield>
            <subfield code="c">699c</subfield>
            <subfield code="d">699d</subfield>
            <subfield code="e">699e</subfield>
            <subfield code="f">699f</subfield>
            <subfield code="g">699g</subfield>
            <subfield code="h">699h</subfield>
            <subfield code="j">699j</subfield>
            <subfield code="k">699k</subfield>
            <subfield code="l">699l</subfield>
            <subfield code="m">699m</subfield>
            <subfield code="n">699n</subfield>
            <subfield code="o">699o</subfield>
            <subfield code="p">699p</subfield>
            <subfield code="q">699q</subfield>
            <subfield code="r">699r</subfield>
            <subfield code="s">699s</subfield>
            <subfield code="t">699t</subfield>
            <subfield code="u">699u</subfield>
            <subfield code="v">699v</subfield>
            <subfield code="x">699x</subfield>
            <subfield code="y">699y</subfield>
            <subfield code="z">699z</subfield>
        </datafield>
        <datafield tag="245" ind1="1" ind2="0">
            <subfield code="a">699 search subfields</subfield>
        </datafield>
    </record>