

<!-- vernacular subject search fields ************************************** -->
    
    
    <!-- 600 vernacular search subfields-->
    <record>
        <leader>00880cam a2200217 i 4500</leader>
        <controlfield tag="001">aVern600search</controlfield>
        <controlfield tag="008">770207r19771901gw       b    001 0 ger d</controlfield>
        <datafield tag="600" ind1="1" ind2=" ">
            <subfield code="6">880-01</subfield>
            <subfield code="a">600a</subfield>
        </datafield>   
        <datafield tag="880" ind1="1" ind2=" ">
            <subfield code="6">600-01</subfield>
            <subfield code="a">vern600a</subfield>
            <subfield code="b">vern600b</subfield>
            <subfield code="c">vern600c</subfield>
            <subfield code="d">vern600d</subfield>
            <subfield code="e">vern600e</subfield>
            <subfield code="f">vern600f</subfield>
            <subfield code="g">vern600g</subfield>
            <subfield code="h">vern600h</subfield>
            <subfield code="j">vern600j</subfield>
            <subfield code="k">vern600k</subfield>
            <subfield code="l">vern600l</subfield>
            <subfield code="m">vern600m</subfield>
            <subfield code="n">vern600n</subfield>
            <subfield code="o">vern600o</subfield>
            <subfield code="p">vern600p</subfield>
            <subfield code="q">vern600q</subfield>
            <subfield code="r">vern600r</subfield>
            <subfield code="s">vern600s</subfield>
            <subfield code="t">vern600t</subfield>
            <subfield code="u">vern600u</subfield>
            <subfield code="v">vern600v</subfield>
            <subfield code="x">vern600x</subfield>
            <subfield code="y">vern600y</subfield>
            <subfield code="z">vern600z</subfield>
        </datafield>
        <datafield tag="245" ind1="1" ind2="0">
            <subfield code="a">vernacular 600 search subfields</subfield>
        </datafield>
    </record>