
        <!-- 610 search subfields-->
    <record>
        <leader>00880cam a2200217 i 4500</leader>
        <controlfield tag="001">aVern610search</controlfield>
        <controlfield tag="008">770207r19771901gw       b    001 0 ger d</controlfield>
        <datafield tag="610" ind1="1" ind2=" ">
            <subfield code="6">880-01</subfield>
            <subfield code="a">610a</subfield>
        </datafield>   
        <datafield tag="880" ind1="1" ind2=" ">
            <subfield code="6">610-01</subfield>
            <subfield code="a">vern610a</subfield>
            <subfield code="b">vern610b</subfield>
            <subfield code="c">vern610c</subfield>
            <subfield code="d">vern610d</subfield>
            <subfield code="e">vern610e</subfield>
            <subfield code="f">vern610f</subfield>
            <subfield code="g">vern610g</subfield>
            <subfield code="h">vern610h</subfield>
            <subfield code="k">vern610k</subfield>
            <subfield code="l">vern610l</subfield>
            <subfield code="m">vern610m</subfield>
            <subfield code="n">vern610n</subfield>
            <subfield code="o">vern610o</subfield>
            <subfield code="p">vern610p</subfield>
            <subfield code="r">vern610r</subfield>
            <subfield code="s">vern610s</subfield>
            <subfield code="t">vern610t</subfield>
            <subfield code="u">vern610u</subfield>
            <subfield code="v">vern610v</subfield>
            <subfield code="x">vern610x</subfield>
            <subfield code="y">vern610y</subfield>
            <subfield code="z">vern610z</subfield>
        </datafield>
        <datafield tag="245" ind1="1" ind2="0">
            <subfield code="a">vernacular 610 search subfields</subfield>
        </datafield>
    </record>