
    <!-- 611 search subfields-->
    <record>
        <leader>00880cam a2200217 i 4500</leader>
        <controlfield tag="001">aVern611search</controlfield>
        <controlfield tag="008">770207r19771901gw       b    001 0 ger d</controlfield>
        <datafield tag="611" ind1="1" ind2=" ">
            <subfield code="6">880-01</subfield>
            <subfield code="a">611a</subfield>
        </datafield>   
        <datafield tag="880" ind1="1" ind2=" ">
            <subfield code="6">611-01</subfield>
            <subfield code="a">vern611a</subfield>
            <subfield code="c">vern611c</subfield>
            <subfield code="d">vern611d</subfield>
            <subfield code="e">vern611e</subfield>
            <subfield code="f">vern611f</subfield>
            <subfield code="g">vern611g</subfield>
            <subfield code="h">vern611h</subfield>
            <subfield code="j">vern611j</subfield>
            <subfield code="k">vern611k</subfield>
            <subfield code="l">vern611l</subfield>
            <subfield code="n">vern611n</subfield>
            <subfield code="p">vern611p</subfield>
            <subfield code="q">vern611q</subfield>
            <subfield code="s">vern611s</subfield>
            <subfield code="t">vern611t</subfield>
            <subfield code="u">vern611u</subfield>
            <subfield code="v">vern611v</subfield>
            <subfield code="x">vern611x</subfield>
            <subfield code="y">vern611y</subfield>
        </datafield>
        <datafield tag="245" ind1="1" ind2="0">
            <subfield code="a">vernacular 611 search subfields</subfield>
        </datafield>
    </record>