
    <!-- 630 search subfields-->
    <record>
        <leader>00880cam a2200217 i 4500</leader>
        <controlfield tag="001">aVern630search</controlfield>
        <controlfield tag="008">770207r19771901gw       b    001 0 ger d</controlfield>
        <datafield tag="630" ind1="1" ind2=" ">
            <subfield code="6">880-01</subfield>
            <subfield code="a">630a</subfield>
        </datafield>   
        <datafield tag="880" ind1="1" ind2=" ">
            <subfield code="6">630-01</subfield>
            <subfield code="a">vern630a</subfield>
            <subfield code="d">vern630d</subfield>
            <subfield code="e">vern630e</subfield>
            <subfield code="f">vern630f</subfield>
            <subfield code="g">vern630g</subfield>
            <subfield code="h">vern630h</subfield>
            <subfield code="k">vern630k</subfield>
            <subfield code="l">vern630l</subfield>
            <subfield code="m">vern630m</subfield>
            <subfield code="n">vern630n</subfield>
            <subfield code="o">vern630o</subfield>
            <subfield code="p">vern630p</subfield>
            <subfield code="r">vern630r</subfield>
            <subfield code="s">vern630s</subfield>
            <subfield code="t">vern630t</subfield>
            <subfield code="v">vern630v</subfield>
            <subfield code="x">vern630x</subfield>
            <subfield code="y">vern630y</subfield>
            <subfield code="z">vern630z</subfield>
        </datafield>
        <datafield tag="245" ind1="1" ind2="0">
            <subfield code="a">vernacular 630 search subfields</subfield>
        </datafield>
    </record>