
    <!-- 650 search subfields-->
    <record>
        <leader>00880cam a2200217 i 4500</leader>
        <controlfield tag="001">aVern650search</controlfield>
        <controlfield tag="008">770207r19771901gw       b    001 0 ger d</controlfield>
        <datafield tag="650" ind1="1" ind2=" ">
            <subfield code="6">880-01</subfield>
            <subfield code="a">650a</subfield>
        </datafield>   
        <datafield tag="880" ind1="1" ind2=" ">
            <subfield code="6">650-01</subfield>
            <subfield code="a">vern650a</subfield>
            <subfield code="b">vern650b</subfield>
            <subfield code="c">vern650c</subfield>
            <subfield code="d">vern650d</subfield>
            <subfield code="e">vern650e</subfield>
            <subfield code="v">vern650v</subfield>
            <subfield code="x">vern650x</subfield>
            <subfield code="y">vern650y</subfield>
            <subfield code="z">vern650z</subfield>
        </datafield>
        <datafield tag="245" ind1="1" ind2="0">
            <subfield code="a">vernacular 650 search subfields</subfield>
        </datafield>
    </record>