
    <!-- 651 search subfields-->
    <record>
        <leader>00880cam a2200217 i 4500</leader>
        <controlfield tag="001">aVern651search</controlfield>
        <controlfield tag="008">770207r19771901gw       b    001 0 ger d</controlfield>
        <datafield tag="651" ind1="1" ind2=" ">
            <subfield code="6">880-01</subfield>
            <subfield code="a">651a</subfield>
        </datafield>   
        <datafield tag="880" ind1="1" ind2=" ">
            <subfield code="6">651-01</subfield>
            <subfield code="a">vern651a</subfield>
            <subfield code="e">vern651e</subfield>
            <subfield code="v">vern651v</subfield>
            <subfield code="x">vern651x</subfield>
            <subfield code="y">vern651y</subfield>
            <subfield code="z">vern651z</subfield>
        </datafield>
        <datafield tag="245" ind1="1" ind2="0">
            <subfield code="a">vernacular 651 search subfields</subfield>
        </datafield>
    </record>