
    <!-- 653 search subfields-->
    <record>
        <leader>00880cam a2200217 i 4500</leader>
        <controlfield tag="001">aVern653search</controlfield>
        <controlfield tag="008">770207r19771901gw       b    001 0 ger d</controlfield>
        <datafield tag="653" ind1="1" ind2=" ">
            <subfield code="6">880-01</subfield>
            <subfield code="a">653a</subfield>
        </datafield>   
        <datafield tag="880" ind1="1" ind2=" ">
            <subfield code="6">653-01</subfield>
            <subfield code="a">vern653a</subfield>
        </datafield>
        <datafield tag="245" ind1="1" ind2="0">
            <subfield code="a">vernacular 653 search subfields</subfield>
        </datafield>
    </record>