
    <!-- 654 search subfields-->
    <record>
        <leader>00880cam a2200217 i 4500</leader>
        <controlfield tag="001">aVern654search</controlfield>
        <controlfield tag="008">770207r19771901gw       b    001 0 ger d</controlfield>
        <datafield tag="654" ind1="1" ind2=" ">
            <subfield code="6">880-01</subfield>
            <subfield code="a">654a</subfield>
        </datafield>   
        <datafield tag="880" ind1="1" ind2=" ">
            <subfield code="6">654-01</subfield>
            <subfield code="a">vern654a</subfield>
            <subfield code="b">vern654b</subfield>
            <subfield code="c">vern654c</subfield>
            <subfield code="e">vern654e</subfield>
            <subfield code="v">vern654v</subfield>
            <subfield code="y">vern654y</subfield>
            <subfield code="z">vern654z</subfield>
        </datafield>
        <datafield tag="245" ind1="1" ind2="0">
            <subfield code="a">vernacular 654 search subfields</subfield>
        </datafield>
    </record>