
    <!-- 655 search subfields-->
    <record>
        <leader>00880cam a2200217 i 4500</leader>
        <controlfield tag="001">aVern655search</controlfield>
        <controlfield tag="008">770207r19771901gw       b    001 0 ger d</controlfield>
        <datafield tag="655" ind1="1" ind2=" ">
            <subfield code="6">880-01</subfield>
            <subfield code="a">655a</subfield>
        </datafield>   
        <datafield tag="880" ind1="1" ind2=" ">
            <subfield code="6">655-01</subfield>
            <subfield code="a">vern655a</subfield>
            <subfield code="b">vern655b</subfield>
            <subfield code="c">vern655c</subfield>
            <subfield code="v">vern655v</subfield>
            <subfield code="x">vern655x</subfield>
            <subfield code="y">vern655y</subfield>
            <subfield code="z">vern655z</subfield>
        </datafield>
        <datafield tag="245" ind1="1" ind2="0">
            <subfield code="a">vernacular 655 search subfields</subfield>
        </datafield>
    </record>