
    <!-- 656 search subfields-->
    <record>
        <leader>00880cam a2200217 i 4500</leader>
        <controlfield tag="001">aVern656search</controlfield>
        <controlfield tag="008">770207r19771901gw       b    001 0 ger d</controlfield>
        <datafield tag="656" ind1="1" ind2=" ">
            <subfield code="6">880-01</subfield>
            <subfield code="a">656a</subfield>
        </datafield>   
        <datafield tag="880" ind1="1" ind2=" ">
            <subfield code="6">656-01</subfield>
            <subfield code="a">vern656a</subfield>
            <subfield code="k">vern656k</subfield>
            <subfield code="v">vern656v</subfield>
            <subfield code="x">vern656x</subfield>
            <subfield code="y">vern656y</subfield>
            <subfield code="z">vern656z</subfield>
        </datafield>
        <datafield tag="245" ind1="1" ind2="0">
            <subfield code="a">vernacular 656 search subfields</subfield>
        </datafield>
    </record>