
    <!-- 657 search subfields-->
    <record>
        <leader>00880cam a2200217 i 4500</leader>
        <controlfield tag="001">aVern657search</controlfield>
        <controlfield tag="008">770207r19771901gw       b    001 0 ger d</controlfield>
        <datafield tag="657" ind1="1" ind2=" ">
            <subfield code="6">880-01</subfield>
            <subfield code="a">657a</subfield>
        </datafield>   
        <datafield tag="880" ind1="1" ind2=" ">
            <subfield code="6">657-01</subfield>
            <subfield code="a">vern657a</subfield>
            <subfield code="v">vern657v</subfield>
            <subfield code="x">vern657x</subfield>
            <subfield code="y">vern657y</subfield>
            <subfield code="z">vern657z</subfield>
        </datafield>
        <datafield tag="245" ind1="1" ind2="0">
            <subfield code="a">vernacular 657 search subfields</subfield>
        </datafield>
    </record>