
    <!-- 658 search subfields-->
    <record>
        <leader>00880cam a2200217 i 4500</leader>
        <controlfield tag="001">aVern658search</controlfield>
        <controlfield tag="008">770207r19771901gw       b    001 0 ger d</controlfield>
        <datafield tag="658" ind1="1" ind2=" ">
            <subfield code="6">880-01</subfield>
            <subfield code="a">658a</subfield>
        </datafield>   
        <datafield tag="880" ind1="1" ind2=" ">
            <subfield code="6">658-01</subfield>
            <subfield code="a">vern658a</subfield>
            <subfield code="b">vern658b</subfield>
            <subfield code="c">vern658c</subfield>
            <subfield code="d">vern658d</subfield>
        </datafield>
        <datafield tag="245" ind1="1" ind2="0">
            <subfield code="a">vernacular 658 search subfields</subfield>
        </datafield>
    </record>