
    <!-- 690 search subfields-->
    <record>
        <leader>00880cam a2200217 i 4500</leader>
        <controlfield tag="001">aVern690search</controlfield>
        <controlfield tag="008">770207r19771901gw       b    001 0 ger d</controlfield>
        <datafield tag="690" ind1="1" ind2=" ">
            <subfield code="6">880-01</subfield>
            <subfield code="a">690a</subfield>
        </datafield>   
        <datafield tag="880" ind1="1" ind2=" ">
            <subfield code="6">690-01</subfield>
            <subfield code="a">vern690a</subfield>
            <subfield code="b">vern690b</subfield>
            <subfield code="c">vern690c</subfield>
            <subfield code="d">vern690d</subfield>
            <subfield code="e">vern690e</subfield>
            <subfield code="v">vern690v</subfield>
            <subfield code="x">vern690x</subfield>
            <subfield code="y">vern690y</subfield>
            <subfield code="z">vern690z</subfield>
        </datafield>
        <datafield tag="245" ind1="1" ind2="0">
            <subfield code="a">vernacular 690 search subfields</subfield>
        </datafield>
    </record>