
    <!-- 691 search subfields-->
    <record>
        <leader>00880cam a2200217 i 4500</leader>
        <controlfield tag="001">aVern691search</controlfield>
        <controlfield tag="008">770207r19771901gw       b    001 0 ger d</controlfield>
        <datafield tag="691" ind1="1" ind2=" ">
            <subfield code="6">880-01</subfield>
            <subfield code="a">691a</subfield>
        </datafield>   
        <datafield tag="880" ind1="1" ind2=" ">
            <subfield code="6">691-01</subfield>
            <subfield code="a">vern691a</subfield>
            <subfield code="e">vern691e</subfield>
            <subfield code="v">vern691v</subfield>
            <subfield code="x">vern691x</subfield>
            <subfield code="y">vern691y</subfield>
            <subfield code="z">vern691z</subfield>
        </datafield>
        <datafield tag="245" ind1="1" ind2="0">
            <subfield code="a">vernacular 691 search subfields</subfield>
        </datafield>
    </record>