
    <!-- 696 search subfields-->
    <record>
        <leader>00880cam a2200217 i 4500</leader>
        <controlfield tag="001">aVern696search</controlfield>
        <controlfield tag="008">770207r19771901gw       b    001 0 ger d</controlfield>
        <datafield tag="696" ind1="1" ind2=" ">
            <subfield code="6">880-01</subfield>
            <subfield code="a">696a</subfield>
        </datafield>   
        <datafield tag="880" ind1="1" ind2=" ">
            <subfield code="6">696-01</subfield>
            <subfield code="a">vern696a</subfield>
            <subfield code="b">vern696b</subfield>
            <subfield code="c">vern696c</subfield>
            <subfield code="d">vern696d</subfield>
            <subfield code="e">vern696e</subfield>
            <subfield code="f">vern696f</subfield>
            <subfield code="g">vern696g</subfield>
            <subfield code="h">vern696h</subfield>
            <subfield code="j">vern696j</subfield>
            <subfield code="k">vern696k</subfield>
            <subfield code="l">vern696l</subfield>
            <subfield code="m">vern696m</subfield>
            <subfield code="n">vern696n</subfield>
            <subfield code="o">vern696o</subfield>
            <subfield code="p">vern696p</subfield>
            <subfield code="q">vern696q</subfield>
            <subfield code="r">vern696r</subfield>
            <subfield code="s">vern696s</subfield>
            <subfield code="t">vern696t</subfield>
            <subfield code="u">vern696u</subfield>
            <subfield code="v">vern696v</subfield>
            <subfield code="x">vern696x</subfield>
            <subfield code="y">vern696y</subfield>
            <subfield code="z">vern696z</subfield>
        </datafield>
        <datafield tag="245" ind1="1" ind2="0">
            <subfield code="a">vernacular 696 search subfields</subfield>
        </datafield>
    </record>