
    <!-- 697 search subfields-->
    <record>
        <leader>00880cam a2200217 i 4500</leader>
        <controlfield tag="001">aVern697search</controlfield>
        <controlfield tag="008">770207r19771901gw       b    001 0 ger d</controlfield>
        <datafield tag="697" ind1="1" ind2=" ">
            <subfield code="6">880-01</subfield>
            <subfield code="a">697a</subfield>
        </datafield>   
        <datafield tag="880" ind1="1" ind2=" ">
            <subfield code="6">697-01</subfield>
            <subfield code="a">vern697a</subfield>
            <subfield code="b">vern697b</subfield>
            <subfield code="c">vern697c</subfield>
            <subfield code="d">vern697d</subfield>
            <subfield code="e">vern697e</subfield>
            <subfield code="f">vern697f</subfield>
            <subfield code="g">vern697g</subfield>
            <subfield code="h">vern697h</subfield>
            <subfield code="j">vern697j</subfield>
            <subfield code="k">vern697k</subfield>
            <subfield code="l">vern697l</subfield>
            <subfield code="m">vern697m</subfield>
            <subfield code="n">vern697n</subfield>
            <subfield code="o">vern697o</subfield>
            <subfield code="p">vern697p</subfield>
            <subfield code="q">vern697q</subfield>
            <subfield code="r">vern697r</subfield>
            <subfield code="s">vern697s</subfield>
            <subfield code="t">vern697t</subfield>
            <subfield code="u">vern697u</subfield>
            <subfield code="v">vern697v</subfield>
            <subfield code="x">vern697x</subfield>
            <subfield code="y">vern697y</subfield>
            <subfield code="z">vern697z</subfield>
        </datafield>
        <datafield tag="245" ind1="1" ind2="0">
            <subfield code="a">vernacular 697 search subfields</subfield>
        </datafield>
    </record>