
    <!-- 698 search subfields-->
    <record>
        <leader>00880cam a2200217 i 4500</leader>
        <controlfield tag="001">aVern698search</controlfield>
        <controlfield tag="008">770207r19771901gw       b    001 0 ger d</controlfield>
        <datafield tag="698" ind1="1" ind2=" ">
            <subfield code="6">880-01</subfield>
            <subfield code="a">698a</subfield>
        </datafield>   
        <datafield tag="880" ind1="1" ind2=" ">
            <subfield code="6">698-01</subfield>
            <subfield code="a">vern698a</subfield>
            <subfield code="b">vern698b</subfield>
            <subfield code="c">vern698c</subfield>
            <subfield code="d">vern698d</subfield>
            <subfield code="e">vern698e</subfield>
            <subfield code="f">vern698f</subfield>
            <subfield code="g">vern698g</subfield>
            <subfield code="h">vern698h</subfield>
            <subfield code="j">vern698j</subfield>
            <subfield code="k">vern698k</subfield>
            <subfield code="l">vern698l</subfield>
            <subfield code="m">vern698m</subfield>
            <subfield code="n">vern698n</subfield>
            <subfield code="o">vern698o</subfield>
            <subfield code="p">vern698p</subfield>
            <subfield code="q">vern698q</subfield>
            <subfield code="r">vern698r</subfield>
            <subfield code="s">vern698s</subfield>
            <subfield code="t">vern698t</subfield>
            <subfield code="u">vern698u</subfield>
            <subfield code="v">vern698v</subfield>
            <subfield code="x">vern698x</subfield>
            <subfield code="y">vern698y</subfield>
            <subfield code="z">vern698z</subfield>
        </datafield>
        <datafield tag="245" ind1="1" ind2="0">
            <subfield code="a">vernacular 698 search subfields</subfield>
        </datafield>
    </record>