
    <!-- 699 search subfields-->
    <record>
        <leader>00880cam a2200217 i 4500</leader>
        <controlfield tag="001">aVern699search</controlfield>
        <controlfield tag="008">770207r19771901gw       b    001 0 ger d</controlfield>
        <datafield tag="699" ind1="1" ind2=" ">
            <subfield code="6">880-01</subfield>
            <subfield code="a">699a</subfield>
        </datafield>   
        <datafield tag="880" ind1="1" ind2=" ">
            <subfield code="6">699-01</subfield>
            <subfield code="a">vern699a</subfield>
            <subfield code="b">vern699b</subfield>
            <subfield code="c">vern699c</subfield>
            <subfield code="d">vern699d</subfield>
            <subfield code="e">vern699e</subfield>
            <subfield code="f">vern699f</subfield>
            <subfield code="g">vern699g</subfield>
            <subfield code="h">vern699h</subfield>
            <subfield code="j">vern699j</subfield>
            <subfield code="k">vern699k</subfield>
            <subfield code="l">vern699l</subfield>
            <subfield code="m">vern699m</subfield>
            <subfield code="n">vern699n</subfield>
            <subfield code="o">vern699o</subfield>
            <subfield code="p">vern699p</subfield>
            <subfield code="q">vern699q</subfield>
            <subfield code="r">vern699r</subfield>
            <subfield code="s">vern699s</subfield>
            <subfield code="t">vern699t</subfield>
            <subfield code="u">vern699u</subfield>
            <subfield code="v">vern699v</subfield>
            <subfield code="x">vern699x</subfield>
            <subfield code="y">vern699y</subfield>
            <subfield code="z">vern699z</subfield>
        </datafield>
        <datafield tag="245" ind1="1" ind2="0">
            <subfield code="a">vernacular 699 search subfields</subfield>
        </datafield>
    </record>
    
</collection>
